%% This BibTeX bibliography file was created using BibDesk.
%% http://bibdesk.sourceforge.net/

%% Created for Evangelos Kalampokis at 2015-08-04 11:04:57 +0300 


%% Saved with string encoding Unicode (UTF-8) 



@article{Abello:2013,
	Acmid = {2603668},
	Address = {Hershey, PA, USA},
	Author = {Abell\'{o}, Alberto and Darmont, J{\'e}r\^{o}me and Etcheverry, Lorena and Golfarelli, Matteo and Maz\'{o}n, Jose-Norberto and Naumann, Felix and Pedersen, Torben and Rizzi, Stefano Bach and Trujillo, Juan and Vassiliadis, Panos and Vossen, Gottfried},
	Date-Added = {2015-06-26 15:10:17 +0000},
	Date-Modified = {2015-06-26 15:10:29 +0000},
	Doi = {10.4018/jdwm.2013040104},
	Issn = {1548-3924},
	Issue_Date = {April 2013},
	Journal = {Int. J. Data Warehous. Min.},
	Keywords = {Business Intelligence, Data Cube, Data Fusion, Data Integration, Data Warehouses, ETL, Metadata Discovery, Metadata Quality, Open Data, Schema Discovery},
	Month = apr,
	Number = {2},
	Numpages = {23},
	Pages = {66--88},
	Publisher = {IGI Global},
	Title = {Fusion Cubes: Towards Self-Service Business Intelligence},
	Url = {http://dx.doi.org/10.4018/jdwm.2013040104},
	Volume = {9},
	Year = {2013},
	Bdsk-Url-1 = {http://dx.doi.org/10.4018/jdwm.2013040104}}

@article{Niemi:2007,
	Author = {Niemi, Tapio and Toivonen, Santtu and Niinimaki, Marko and Nummenmaa, Jyrki},
	Date-Added = {2015-06-26 15:06:16 +0000},
	Date-Modified = {2015-06-26 15:06:35 +0000},
	Journal = {International Journal on Semantic Web and Information Systems},
	Number = {4},
	Pages = {25--49},
	Publisher = {IGI Global},
	Title = {Ontologies with Semantic Web/grid in data integration for {OLAP}},
	Volume = {3},
	Year = {2007}}

@article{Hausenblas:2009:ieee,
	Address = {Los Alamitos, CA, USA},
	Author = {Michael Hausenblas},
	Date-Added = {2015-06-26 14:51:27 +0000},
	Date-Modified = {2015-06-26 14:51:58 +0000},
	Doi = {http://doi.ieeecomputersociety.org/10.1109/MIC.2009.79},
	Issn = {1089-7801},
	Journal = {IEEE Internet Computing},
	Number = {4},
	Pages = {68-73},
	Publisher = {IEEE Computer Society},
	Title = {Exploiting Linked Data to Build Web Applications},
	Volume = {13},
	Year = {2009},
	Bdsk-File-1 = {YnBsaXN0MDDUAQIDBAUGJCVYJHZlcnNpb25YJG9iamVjdHNZJGFyY2hpdmVyVCR0b3ASAAGGoKgHCBMUFRYaIVUkbnVsbNMJCgsMDxJXTlMua2V5c1pOUy5vYmplY3RzViRjbGFzc6INDoACgAOiEBGABIAFgAdccmVsYXRpdmVQYXRoWWFsaWFzRGF0YV8QMi4uLy4uLy4uLy5UcmFzaC9JR0ktR2xvYmFsX0NpdGF0aW9uXzA2LTI2LTIwMTUuUklT0hcLGBlXTlMuZGF0YU8RAcoAAAAAAcoAAgAADE1hY2ludG9zaCBIRAAAAAAAAAAAAAAAAAAAANBca5dIKwAAAAqUqB9JR0ktR2xvYmFsX0NpdGF0aW9uXyM1Nzc3QkIuUklTAAAAAAAAAAAAAAAAAAAAAAAAAAAAAAAAAAAAAAAAAAAAV3e70bNEywAAAAAAAAAAAAMAAgAACSAAAAAAAAAAAAAAAAAAAAAGLlRyYXNoABAACAAA0FxBZwAAABEACAAA0bMamwAAAAEADAAKlKgACUm6AAKT1QACAEdNYWNpbnRvc2ggSEQ6VXNlcnM6AGthbGFtcG9raXM6AC5UcmFzaDoASUdJLUdsb2JhbF9DaXRhdGlvbl8jNTc3N0JCLlJJUwAADgBGACIASQBHAEkALQBHAGwAbwBiAGEAbABfAEMAaQB0AGEAdABpAG8AbgBfADAANgAtADIANgAtADIAMAAxADUALgBSAEkAUwAPABoADABNAGEAYwBpAG4AdABvAHMAaAAgAEgARAASADpVc2Vycy9rYWxhbXBva2lzLy5UcmFzaC9JR0ktR2xvYmFsX0NpdGF0aW9uXzA2LTI2LTIwMTUuUklTABMAAS8AABUAAgAR//8AAIAG0hscHR5aJGNsYXNzbmFtZVgkY2xhc3Nlc11OU011dGFibGVEYXRhox0fIFZOU0RhdGFYTlNPYmplY3TSGxwiI1xOU0RpY3Rpb25hcnmiIiBfEA9OU0tleWVkQXJjaGl2ZXLRJidUcm9vdIABAAgAEQAaACMALQAyADcAQABGAE0AVQBgAGcAagBsAG4AcQBzAHUAdwCEAI4AwwDIANACngKgAqUCsAK5AscCywLSAtsC4ALtAvADAgMFAwoAAAAAAAACAQAAAAAAAAAoAAAAAAAAAAAAAAAAAAADDA==},
	Bdsk-Url-1 = {http://doi.ieeecomputersociety.org/10.1109/MIC.2009.79}}

@article{Janssen:2012,
	Author = {Marijn Janssen and Yannis Charalabidis and Anneke Zuiderwijk},
	Date-Added = {2015-06-26 14:18:07 +0000},
	Date-Modified = {2015-06-26 14:18:16 +0000},
	Doi = {10.1080/10580530.2012.716740},
	Eprint = {http://dx.doi.org/10.1080/10580530.2012.716740},
	Journal = {Information Systems Management},
	Number = {4},
	Pages = {258-268},
	Title = {Benefits, Adoption Barriers and Myths of Open Data and Open Government},
	Url = {http://dx.doi.org/10.1080/10580530.2012.716740},
	Volume = {29},
	Year = {2012},
	Bdsk-Url-1 = {http://dx.doi.org/10.1080/10580530.2012.716740}}

@book{Jarke:2013,
	Author = {Jarke, Matthias and Lenzerini, Maurizio and Vassiliou, Yannis and Vassiliadis, Panos},
	Date-Added = {2015-06-26 13:33:23 +0000},
	Date-Modified = {2015-06-26 13:33:36 +0000},
	Publisher = {Springer Science \& Business Media},
	Title = {Fundamentals of data warehouses},
	Year = {2013}}

@article{Husain:2011,
	Author = {Husain, M. and McGlothlin, J. and Masud, M.M. and Khan, L. and Thuraisingham, Bhavani},
	Date-Added = {2015-06-26 13:29:42 +0000},
	Date-Modified = {2015-06-26 13:29:50 +0000},
	Doi = {10.1109/TKDE.2011.103},
	Issn = {1041-4347},
	Journal = {Knowledge and Data Engineering, IEEE Transactions on},
	Keywords = {cloud computing;file organisation;graph theory;parallel processing;query languages;query processing;semantic Web;Hadoop MapReduce framework;Hadoop distributed file system;RDF graphs;RDF query language;SPARQL query;World Wide Web Consortium;cloud computing paradigm;greedy approach;heuristics-based query processing;human reasoning;query plan generation;resource description framework;semantic Web technologies;Cloud computing;Human factors;Query processing;Relational databases;Resource description framework;Hadoop;MapReduce.;RDF;SPARQL},
	Month = {Sept},
	Number = {9},
	Pages = {1312-1327},
	Title = {Heuristics-Based Query Processing for Large RDF Graphs Using Cloud Computing},
	Volume = {23},
	Year = {2011},
	Bdsk-Url-1 = {http://dx.doi.org/10.1109/TKDE.2011.103}}

@inproceedings{Chatziantoniou:2001,
	Author = {Chatziantoniou, D. and Johnson, T. and Akinde, M. and Kim, S.},
	Booktitle = {Data Engineering, 2001. Proceedings. 17th International Conference on},
	Date-Added = {2015-06-26 13:27:47 +0000},
	Date-Modified = {2015-07-30 14:00:15 +0000},
	Doi = {10.1109/ICDE.2001.914866},
	Issn = {1063-6382},
	pages = {524-533},
	Title = {The {MD}-join: an operator for complex {OLAP}},
	Year = {2001},
	Bdsk-Url-1 = {http://dx.doi.org/10.1109/ICDE.2001.914866}}

@inproceedings{Zhao:2011,
	Acmid = {1989413},
	Address = {New York, USA},
	Author = {Zhao, Peixiang and Li, Xiaolei and Xin, Dong and Han, Jiawei},
	Booktitle = {Proceedings of the 2011 ACM SIGMOD International Conference on Management of Data (SIGMOD '11)},
	Date-Added = {2015-06-26 13:24:50 +0000},
	Date-Modified = {2015-06-26 13:24:58 +0000},
	Doi = {10.1145/1989323.1989413},
	Isbn = {978-1-4503-0661-4},
	Keywords = {OLAP, data cube, data warehouse, graph cube, multidimensional network},
	Location = {Athens, Greece},
	Numpages = {12},
	Pages = {853--864},
	Publisher = {ACM},
	Title = {Graph Cube: On Warehousing and OLAP Multidimensional Networks},
	Url = {http://doi.acm.org/10.1145/1989323.1989413},
	Year = {2011},
	Bdsk-Url-1 = {http://doi.acm.org/10.1145/1989323.1989413},
	Bdsk-Url-2 = {http://dx.doi.org/10.1145/1989323.1989413}}

@inproceedings{Colazzo:2014,
	Acmid = {2567982},
	Address = {New York, NY, USA},
	Author = {Colazzo, Dario and Goasdou{\'e}, Fran\c{c}ois and Manolescu, Ioana and Roati\c{s}, Alexandra},
	Booktitle = {Proceedings of the 23rd International Conference on World Wide Web (WWW'14)},
	Date-Added = {2015-06-26 13:16:12 +0000},
	Date-Modified = {2015-06-26 13:16:24 +0000},
	Doi = {10.1145/2566486.2567982},
	Isbn = {978-1-4503-2744-2},
	Keywords = {OLAP, RDF, data warehouse},
	Location = {Seoul, Korea},
	Numpages = {12},
	Pages = {467--478},
	Publisher = {ACM},
	Title = {{RDF} Analytics: Lenses over Semantic Graphs},
	Url = {http://doi.acm.org/10.1145/2566486.2567982},
	Year = {2014},
	Bdsk-Url-1 = {http://doi.acm.org/10.1145/2566486.2567982},
	Bdsk-Url-2 = {http://dx.doi.org/10.1145/2566486.2567982}}

@inproceedings{Ghasemi:2014,
   author={Ghasemi, Saleh and Luk, Wo-Shun and Alrayes, Norah},
	Booktitle = {25th International Workshop on Database and Expert Systems Applications (DEXA)},
	Doi = {10.1109/DEXA.2014.61},
	Issn = {1529-4188},
   organization={IEEE},
	Pages = {263-267},
	Title = {{M2RML}: {M}ultidimensional to {RDF} {M}apping {L}anguage},
	Year = {2014}
}
	
	

@incollection{Zaveri:2013,
	Author = {Zaveri, Amrapali and Nickenig Vissoci, JoaoRicardo and Daraio, Cinzia and Pietrobon, Ricardo},
	Booktitle = {Proceedings of the 12th International Semantic Web Conference (ISWC 2013), Part II},
	Doi = {10.1007/978-3-642-41338-4_16},
	Editor = {Alani, Harith and Kagal, Lalana and Fokoue, Achille and Groth, Paul and Biemann, Chris and Parreira, JosianeXavier and Aroyo, Lora and Noy, Natasha and Welty, Chris and Janowicz, Krzysztof},
	Isbn = {978-3-642-41337-7},
	Language = {English},
	Pages = {244-259},
	Publisher = {Springer Berlin Heidelberg},
	Series = {LNCS},
	Title = {Using Linked Data to Evaluate the Impact of Research and Development in Europe: A Structural Equation Model},
	Url = {http://dx.doi.org/10.1007/978-3-642-41338-4_16},
	Volume = {8219},
	Year = {2013},
	Bdsk-Url-1 = {http://dx.doi.org/10.1007/978-3-642-41338-4_16}}

@article{Chen:2009,
	Author = {Chen, Chen and Yan, Xifeng and Zhu, Feida and Han, Jiawei and Yu, PhilipS.},
	Date-Added = {2015-06-26 09:23:57 +0000},
	Date-Modified = {2015-06-26 12:53:34 +0000},
	Doi = {10.1007/s10115-009-0228-9},
	Issn = {0219-1377},
	Journal = {Knowledge and Information Systems},
	Keywords = {Multi-dimensional model; Graph OLAP; Efficient computation; Discovery-driven analysis},
	Language = {English},
	Number = {1},
	Pages = {41-63},
	Publisher = {Springer-Verlag},
	Title = {Graph {OLAP}: a multi-dimensional framework for graph data analysis},
	Url = {http://dx.doi.org/10.1007/s10115-009-0228-9},
	Volume = {21},
	Year = {2009},
	Bdsk-Url-1 = {http://dx.doi.org/10.1007/s10115-009-0228-9}}


@incollection{Matei:2015,
	Author = {Matei, Adriana and Chao, Kuo-Ming and Godwin, Nick},
	Booktitle = {Proceedings of the International Workshop on Enabling Real-Time Business Intelligence},
	Doi = {10.1007/978-3-662-46839-5_6},
	Editor = {Castellanos, Malu and Dayal, Umeshwar and Pedersen, Torben Bach and Tatbul, Nesime},
	Isbn = {978-3-662-46838-8},
	Pages = {81-96},
	Publisher = {Springer Berlin Heidelberg},
	Series = {LNBIP},
	Title = {{OLAP} for Multidimensional Semantic Web Databases},
	Url = {http://dx.doi.org/10.1007/978-3-662-46839-5_6},
	Volume = {206},
	Year = {2015},
	Bdsk-Url-1 = {http://dx.doi.org/10.1007/978-3-662-46839-5_6}}

@conference{Zapilko:2011,
	Author = {Benjamin Zapilko and Brigitte Mathiak},
	Booktitle = {International Conference on Dublin Core and Metadata Applications},
	Date-Added = {2015-06-26 08:36:51 +0000},
	Date-Modified = {2015-06-26 08:38:16 +0000},
	Pages ={116-125},
	Issn = {1939-1366},
	Title = {Performing Statistical Methods on Linked Data},
	Url = {http://dcpapers.dublincore.org/pubs/article/view/3627},
	Year = {2011},
	Bdsk-Url-1 = {http://dcpapers.dublincore.org/pubs/article/view/3627}}

@incollection{Tambouris:2015,
	author="Tambouris, Efthimios
and Kalampokis, Evangelos
and Tarabanis, Konstantinos",
editor="Tambouris, Efthimios
and Janssen, Marijn
and Scholl, Hans Jochen
and Wimmer, Maria A.
and Tarabanis, Konstantinos
and Gasc{\'o}, Mila
and Klievink, Bram
and Lindgren, Ida
and Parycek, Peter",
	Booktitle = {Proceedings of International Conference on  Electronic Government (EGOV 2015)},
	Pages = {130-143},
	Publisher = {Springer Berlin Heidelberg},
	Series = {LNCS},
	Title = {Processing Linked Open Data Cubes},
	Volume = {9248},
	Year = {2015}}
	
@inproceedings{Merono:2012,
	Author = {Mero{\~n}o-Pe{\~n}uela, Albert and Ashkpour, Ashkan and Rietveld, Laurens and Hoekstra, Rinke},
	Booktitle = {Proceedings of the 2nd International Workshop on Linked Science},
	Date-Added = {2015-04-08 10:59:51 +0000},
	Date-Modified = {2015-04-08 11:00:06 +0000},
	Title = {Linked humanities data: The next frontier? a case-study in historical census data},
	Volume = {951},
	organization={Citeseer},
	Year = {2012}}

@inproceedings{Petrou:2013,
	Acmid = {2500412},
	Address = {New York, USA},
	Articleno = {4},
	Author = {Petrou, Irene and Papastefanatos, George and Dalamagas, Theodore},
	Booktitle = {Proceedings of the 2nd International Workshop on Open Data},
	Doi = {10.1145/2500410.2500412},
	Isbn = {978-1-4503-2020-7},
	Numpages = {3},
	Pages = {4:1--4:3},
	Publisher = {ACM},
	Title = {Publishing Census As Linked Open Data: A Case Study},
	Url = {http://doi.acm.org/10.1145/2500410.2500412},
	Year = {2013},
	}

@incollection{Mader:2014,
	Author = {Mader, Christian and Martin, Michael and Stadler, Claus},
	editor="Auer, S{\"o}ren and Bryl, Volha and Tramp, Sebastian",
	Booktitle = {Linked Open Data -- Creating Knowledge Out of Interlinked Data : Results of the LOD2 Project},
	Date-Added = {2015-04-08 10:31:36 +0000},
	Date-Modified = {2015-04-08 10:32:31 +0000},
	Doi = {10.1007/978-3-319-09846-3_5},
	Isbn = {978-3-319-09845-6},
	Language = {English},
	Pages = {90-107},
	Publisher = {Springer International Publishing},
	Series = {LNCS},
	Title = {Facilitating the Exploration and Visualization of Linked Data},
	Url = {http://dx.doi.org/10.1007/978-3-319-09846-3_5},
	Volume = {8661},
	Year = {2014},
	}


@book{Kimball:2011,
	Author = {Kimball, Ralph and Ross, Margy},
	Date-Added = {2015-01-28 11:12:43 +0000},
	Date-Modified = {2015-02-04 11:25:36 +0000},
	Publisher = {John Wiley \& Sons},
	Title = {The data warehouse toolkit: the complete guide to dimensional modeling},
	Year = {2011}}

@webpage{Berners-Lee:2006,
	Author = {Berners-Lee, Tim},
	Date-Added = {2015-01-13 14:21:16 +0000},
	Date-Modified = {2015-01-13 14:21:16 +0000},
	Keywords = {linked data},
	Lastchecked = {January 2014},
	Title = {Design Issues: Linked Data},
	Url = {http://www.w3.org/DesignIssues/LinkedData.html},
	Year = {2006},
	Bdsk-Url-1 = {http://www.w3.org/DesignIssues/LinkedData.html}}

@inproceedings{Haase:2011,
 author = {Haase, Peter and Schmidt, Michael and Schwarte, Andreas},
 title = {The Information Workbench As a Self-service Platform for Linked Data Applications},
 booktitle = {Proceedings of the Second International Conference on Consuming Linked Data - Volume 782},
 year = {2010},
 location = {Bonn, Germany},
 pages = {119--124},
 numpages = {6},
 url = {http://dl.acm.org/citation.cfm?id=2887352.2887363},
 acmid = {2887363},
 publisher = {CEUR-WS},
 address = {Aachen, Germany, Germany},
} 


@article{Salas:2012b,
	Author = {Salas, Percy E. Rivera and Da Mota, Fernando Maia and Breitman, Karin K. and Casanova, Marco A. and Martin, Michael and Auer, S{\"o}ren},
	Date-Added = {2014-11-18 16:21:30 +0000},
	Date-Modified = {2014-11-20 11:57:48 +0000},
	Doi = {10.1142/S1793351X12400119},
	Eprint = {http://www.worldscientific.com/doi/pdf/10.1142/S1793351X12400119},
	Journal = {International Journal of Semantic Computing},
	Number = {04},
	Pages = {373-388},
	Title = {Publishing Statistical Data on the Web},
	Url = {http://www.worldscientific.com/doi/abs/10.1142/S1793351X12400119},
	Volume = {06},
	Year = {2012},
	Bdsk-Url-1 = {http://www.worldscientific.com/doi/abs/10.1142/S1793351X12400119},
	Bdsk-Url-2 = {http://dx.doi.org/10.1142/S1793351X12400119}}

@techreport{Miles:2009:W3C,
	Author = {Miles, Alistair and Bechhofer, Sean},
	Date-Added = {2014-11-13 14:15:34 +0000},
	Date-Modified = {2014-11-13 14:19:47 +0000},
	Institution = {W3C},
	Month = {August},
	Title = {\uppercase{SKOS} Simple Knowledge Organization System},
	Year = {2009}}

@inproceedings{Vassiliadis:1998,
	Author = {Vassiliadis, P.},
	Booktitle = {10th International Conference on Scientific and Statistical Database Management},
	Date-Added = {2014-11-13 14:12:07 +0000},
	Date-Modified = {2014-11-13 14:12:23 +0000},
	organization={IEEE},
	Doi = {10.1109/SSDM.1998.688111},
	Issn = {1099-3371},
	Month = {Jul},
	Pages = {53-62},
	Title = {Modeling multidimensional databases, cubes and cube operations},
	Year = {1998},
	Bdsk-Url-1 = {http://dx.doi.org/10.1109/SSDM.1998.688111}}
	
	
}

@inproceedings{Gomez:2012,
	Acmid = {2247632},
	Address = {New York, USA},
	Author = {G\'{o}mez, Leticia I. and G\'{o}mez, Silvia A. and Vaisman, Alejandro A.},
	Booktitle = {Proceedings of the 15th International Conference on Extending Database Technology (EDBT '12)},
	Date-Added = {2014-11-13 11:45:58 +0000},
	Date-Modified = {2015-06-26 12:53:27 +0000},
	Doi = {10.1145/2247596.2247632},
	Isbn = {978-1-4503-0790-1},
	Keywords = {OLAP, SOLAP, fields, map algebra},
	Location = {Berlin, Germany},
	Numpages = {12},
	Pages = {300--311},
	Publisher = {ACM},
	Title = {A Generic Data Model and Query Language for Spatiotemporal {OLAP} Cube Analysis},
	Url = {http://doi.acm.org/10.1145/2247596.2247632},
	Year = {2012},
	Bdsk-Url-1 = {http://doi.acm.org/10.1145/2247596.2247632},
	Bdsk-Url-2 = {http://dx.doi.org/10.1145/2247596.2247632}}

@article{Kamateri:2014,
	Author = {Eleni Kamateri and Evangelos Kalampokis and Efthimios Tambouris and Konstantinos Tarabanis},
	Date-Added = {2014-11-13 11:15:03 +0000},
	Date-Modified = {2014-11-13 11:15:14 +0000},
	Doi = {http://dx.doi.org/10.1016/j.jbi.2014.03.002},
	Issn = {1532-0464},
	Journal = {Journal of Biomedical Informatics},
	Keywords = {Privacy},
	Note = {Special Issue on Informatics Methods in Medical Privacy},
	Pages = {213 - 225},
	Title = {The linked medical data access control framework},
	Url = {http://www.sciencedirect.com/science/article/pii/S1532046414000598},
	Volume = {50},
	Year = {2014},
	Bdsk-Url-1 = {http://www.sciencedirect.com/science/article/pii/S1532046414000598},
	Bdsk-Url-2 = {http://dx.doi.org/10.1016/j.jbi.2014.03.002}}

@article{Tseng:2005,
	Author = {Tseng, Frank S.C. and Chen, Chia-Wei},
	Date-Added = {2014-11-13 11:08:26 +0000},
	Date-Modified = {2015-06-26 12:54:55 +0000},
	Doi = {10.1177/0165551505052467},
	Eprint = {http://jis.sagepub.com/content/31/3/209.full.pdf+html},
	Journal = {Journal of Information Science},
	Number = {3},
	Pages = {209-229},
	Title = {Integrating heterogeneous data warehouses using {XML} technologies},
	Url = {http://jis.sagepub.com/content/31/3/209.abstract},
	Volume = {31},
	Year = {2005},
	Bdsk-Url-1 = {http://jis.sagepub.com/content/31/3/209.abstract},
	Bdsk-Url-2 = {http://dx.doi.org/10.1177/0165551505052467}}

@article{Perez:2008,
	Author = {Perez, J.M. and Berlanga, R. and Aramburu, M.J. and Pedersen, T.B.},
	Date-Added = {2014-11-13 10:28:31 +0000},
	Date-Modified = {2014-11-13 10:28:41 +0000},
	Doi = {10.1109/TKDE.2007.190746},
	Issn = {1041-4347},
	Journal = {IEEE Transactions on Knowledge and Data Engineering},
	Month = {July},
	Number = {7},
	Pages = {940-955},
	Title = {Integrating Data Warehouses with Web Data: A Survey},
	Volume = {20},
	Year = {2008}}

@incollection{Hausenblas:2009,
	Author = {Hausenblas, Michael and Halb, Wolfgang and Raimond, Yves and Feigenbaum, Lee and Ayers, Danny},
	Booktitle = {The Semantic Web: Research and Applications},
	Date-Added = {2014-11-13 10:05:03 +0000},
	Date-Modified = {2015-06-26 12:52:51 +0000},
	Doi = {10.1007/978-3-642-02121-3_52},
	Editor = {Aroyo, Lora and Traverso, Paolo and Ciravegna, Fabio and Cimiano, Philipp and Heath, Tom and Hyv{\"o}nen, Eero and Mizoguchi, Riichiro and Oren, Eyal and Sabou, Marta and Simperl, Elena},
	Isbn = {978-3-642-02120-6},
	Language = {English},
	Pages = {708-722},
	Publisher = {Springer Berlin Heidelberg},
	Series = {Lecture Notes in Computer Science},
	Title = {{SCOVO}: Using Statistics on the Web of Data},
	Url = {http://dx.doi.org/10.1007/978-3-642-02121-3_52},
	Volume = {5554},
	Year = {2009},
	Bdsk-Url-1 = {http://dx.doi.org/10.1007/978-3-642-02121-3_52}}

@inproceedings{Ruback:2013,
	Acmid = {2480432},
	Address = {New York, USA},
	Author = {Ruback, L\'{\i}via and Pesce, Marcia and Manso, Sofia and Ortiga, S{\'e}rgio and Salas, Percy E. Rivera and Casanova, Marco A.},
	Booktitle = {Proceedings of the 28th Annual ACM Symposium on Applied Computing},
	Doi = {10.1145/2480362.2480432},
	Isbn = {978-1-4503-1656-9},
	Keywords = {linked data, mediation architecture, statistical data},
	Location = {Coimbra, Portugal},
	Numpages = {3},
	Pages = {339--341},
	Publisher = {ACM},
	Title = {A Mediator for Statistical Linked Data},
	Url = {http://doi.acm.org/10.1145/2480362.2480432},
	Year = {2013},
	Bdsk-Url-1 = {http://doi.acm.org/10.1145/2480362.2480432},
	Bdsk-Url-2 = {http://dx.doi.org/10.1145/2480362.2480432}}

@inproceedings{Hoffner:2014,
	Acmid = {2660521},
	Address = {New York, USA},
	Author = {H\"{o}ffner, Konrad and Lehmann, Jens},
	Booktitle = {Proceedings of the 10th International Conference on Semantic Systems},
	Date-Added = {2014-11-13 09:53:30 +0000},
	Date-Modified = {2014-11-13 09:53:40 +0000},
	Doi = {10.1145/2660517.2660521},
	Isbn = {978-1-4503-2927-9},
	Location = {Leipzig, Germany},
	Numpages = {4},
	Pages = {61--64},
	Publisher = {ACM},
	Title = {Towards Question Answering on Statistical Linked Data},
	Url = {http://doi.acm.org/10.1145/2660517.2660521},
	Year = {2014},
	Bdsk-Url-1 = {http://doi.acm.org/10.1145/2660517.2660521},
	Bdsk-Url-2 = {http://dx.doi.org/10.1145/2660517.2660521}}

@inproceedings{Salas:2012,
	Author = {Salas, P.E.R. and Martin, M. and Mota, F.M.D. and Auer, S. and Breitman, K.K. and Casanova, M.A.},
	Booktitle = {Proceedings of the 2nd Workshop on Developing Tools as Plug-ins (TOPI)},
	Date-Added = {2014-11-13 09:44:41 +0000},
	Date-Modified = {2015-06-26 12:51:03 +0000},
	Doi = {10.1109/TOPI.2012.6229815},
	organization={IEEE Press},
	Pages = {79-83},
	Title = {{OLAP2D}ata{C}ube: An {O}ntowiki plug-in for statistical data publishing},
	Year = {2012},
	Bdsk-Url-1 = {http://dx.doi.org/10.1109/TOPI.2012.6229815}}
	
	
@incollection{Helmich:2014,
	Author = {Helmich, Ji{\v r}{\'\i} and Kl{\'\i}mek, Jakub and Ne{\v c}ask{\'y}, Martin},
	editor="Presutti, Valentina  and Blomqvist, Eva and Troncy, Raphael and Sack, Harald and Papadakis, Ioannis and Tordai, Anna",
	Booktitle = {ESWC 2014 Satellite Events},
	Doi = {10.1007/978-3-319-11955-7_50},
	Isbn = {978-3-319-11954-0},
	Keywords = {Linked data; RDF; Visualization; Data cube},
	Language = {English},
	Pages = {368-373},
	Publisher = {Springer International Publishing},
	Series = {LNCS},
	volume="8798",
	Title = {Visualizing {RDF} Data Cubes Using the Linked Data Visualization Model},
	Url = {http://dx.doi.org/10.1007/978-3-319-11955-7_50},
	Year = {2014},
	Bdsk-Url-1 = {http://dx.doi.org/10.1007/978-3-319-11955-7_50}}
	
	
@Inbook{Helmich2014,
author="Helmich, Ji{\v{r}}{\'i}
and Kl{\'i}mek, Jakub
and Ne{\v{c}}ask{\'y}, Martin",

title="Visualizing RDF Data Cubes Using the Linked Data Visualization Model",
bookTitle="The Semantic Web: ESWC 2014 Satellite Events: ESWC 2014 Satellite Events, Anissaras, Crete, Greece, May 25-29, 2014, Revised Selected Papers",
year="2014",
publisher="Springer International Publishing",
address="Cham",
pages="368--373",
isbn="978-3-319-11955-7",
doi="10.1007/978-3-319-11955-7_50",
url="http://dx.doi.org/10.1007/978-3-319-11955-7_50"
}

	
	

@article{Calvanese:2001,
	Author = {Calvanese, Diego and de Giacomo, Giuseppe and Lenzerini, Maurizio and Nardi, Daniele and Rosati, Riccardo},
	Date-Added = {2014-11-13 09:28:00 +0000},
	Date-Modified = {2014-11-13 09:29:39 +0000},
	Doi = {10.1142/S0218843001000345},
	Eprint = {http://www.worldscientific.com/doi/pdf/10.1142/S0218843001000345},
	Journal = {International Journal of Cooperative Information Systems},
	Number = {03},
	Pages = {237-271},
	Title = {Data Integration in Data Warehousing},
	Url = {http://www.worldscientific.com/doi/abs/10.1142/S0218843001000345},
	Volume = {10},
	Year = {2001},
	Bdsk-Url-1 = {http://www.worldscientific.com/doi/abs/10.1142/S0218843001000345},
	Bdsk-Url-2 = {http://dx.doi.org/10.1142/S0218843001000345}}

@incollection{Kampgen:2014,
	Author = {K{\"a}mpgen, Benedikt and Stadtm{\"u}ller, Steffen and Harth, Andreas},
	editor="Janowicz, Krzysztof and Schlobach, Stefan and Lambrix, Patrick and Hyv{\"o}nen, Eero",
	Booktitle = {Proceeding of 19th International Conference on Knowledge Engineering and Knowledge Management (EKAW 2014)},
	Doi = {10.1007/978-3-319-13704-9_20},
	Isbn = {978-3-319-13703-2},
	Pages = {250-265},
	Publisher = {Springer International Publishing},
	Series = {LNCS},
	Title = {Querying the Global Cube: Integration of Multidimensional Datasets from the Web},
	Url = {http://dx.doi.org/10.1007/978-3-319-13704-9_20},
	Volume = {8876},
	Year = {2014},
	}
	

@inPROCEEDINGS{Schmachtenberg:2014,
author="Schmachtenberg, Max and Bizer, Christian and Paulheim, Heiko", 
editor="Mika, Peter and Tudorache, Tania and Bernstein, Abraham and Welty, Chris and Knoblock, Craig and Vrande{\v{c}}i{\'{c}}, Denny
and Groth, Paul and Noy, Natasha and Janowicz, Krzysztof and Goble, Carole",
title="Adoption of the Linked Data Best Practices in Different Topical Domains",
bookTitle="Proceedings of 13th International Semantic Web Conference (ISWC 2014), Part I",
series="LNCS",
volume="8796",
year="2014",
publisher="Springer International Publishing",
pages="245--260",
isbn="978-3-319-11964-9",
doi="10.1007/978-3-319-11964-9_16",

}

@incollection{Beheshti:2012,
	Author = {Beheshti, Seyed-Mehdi-Reza and Benatallah, Boualem and Motahari-Nezhad, HamidReza and Allahbakhsh, Mohammad},
	editor="Wang, X. Sean and Cruz, Isabel and Delis, Alex and Huang, Guangyan",
	Booktitle = {Proceedings of 13th International Conference on Web Information Systems Engineering (WISE 2012)},
	Doi = {10.1007/978-3-642-35063-4_16},
	Isbn = {978-3-642-35062-7},
	Keywords = {Graph OLAP; SPARQL; Query Processing},
	Language = {English},
	Pages = {213-227},
	Publisher = {Springer Berlin Heidelberg},
	Series = {LNCS},
	Title = {A Framework and a Language for On-Line Analytical Processing on Graphs},
	Url = {http://dx.doi.org/10.1007/978-3-642-35063-4_16},
	Volume = {7651},
	Year = {2012},
	}
	

	
	

@incollection{Kalampokis:2014,
	Author = {Kalampokis, Evangelos and Nikolov, Andrey and Haase, Peter and Cyganiak, Richard and Stasiewicz, Arkadiusz and Karamanou, Areti and Zotou, Maria and Zeginis, Dimitris and Tambouris, Efthimios and Tarabanis, Konstantinos},
	Booktitle = {Proc. of the ISWC 2014 Posters and Demos Track a track within 13th International Semantic Web Conference (ISWC2014)},
	Date-Added = {2014-10-01 07:23:00 +0000},
	Date-Modified = {2015-06-26 12:50:43 +0000},
	Publisher = {CEUR-WS},
	Title = {Exploiting Linked Data Cubes with {O}pen{C}ube Toolkit},
	Url = {http://ceur-ws.org/Vol-1272/paper_109.pdf},
	Volume = {1272},
	Year = {2014},
	Bdsk-Url-1 = {http://ceur-ws.org/Vol-1272/paper_109.pdf}}
	


@article{Capadisli:2013,
	title={Linked SDMX data},
	Author = {Capadisli, Sarven and Auer, S{\"o}ren and Ngonga Ngomo, Axel-Cyrille},
	journal={Semantic Web},	
	volume={6},
  	number={2},
  	pages={105--112},
  	year={2015},
  	publisher={IOS Press}}
	
	
@incollection{Etcheverry:2014,
	Author = {Etcheverry, Lorena and Vaisman, Alejandro and Zim{\'a}nyi, Esteban},
	Booktitle = {Proceedings of 16th International Conference on Data Warehousing and Knowledge Discovery (DaWaK 2014)},
	Doi = {10.1007/978-3-319-10160-6_5},
	Editor = {Bellatreche, Ladjel and Mohania, MukeshK.},
	Isbn = {978-3-319-10159-0},
	Language = {English},
	Pages = {45-56},
	Publisher = {Springer International Publishing},
	Series = {LNCS},
	Title = {Modeling and Querying Data Warehouses on the Semantic Web Using {QB4OLAP}},
	Url = {http://dx.doi.org/10.1007/978-3-319-10160-6_5},
	Volume = {8646},
	Year = {2014},
	Bdsk-Url-1 = {http://dx.doi.org/10.1007/978-3-319-10160-6_5}}
	
	
@incollection{Kampgen:2013,
	Author = {K{\"a}mpgen, Benedikt and Harth, Andreas},
	editor="Cimiano, Philipp and Corcho, Oscar and Presutti, Valentina and Hollink, Laura and Rudolph, Sebastian",
	Booktitle = {Proceedings of 10th International Conference (ESWC 2013)},
	Doi = {10.1007/978-3-642-38288-8_20},
	Isbn = {978-3-642-38287-1},
	Pages = {290-304},
	Publisher = {Springer Berlin Heidelberg},
	Series = {LNCS},
	Title = {No Size Fits All -- Running the Star Schema Benchmark with {SPARQL} and {RDF} Aggregate Views},
	Url = {http://dx.doi.org/10.1007/978-3-642-38288-8_20},
	Volume = {7882},
	Year = {2013},
	Bdsk-Url-1 = {http://dx.doi.org/10.1007/978-3-642-38288-8_20}}
	
@incollection{Etcheverry:2012,
	Author = {Etcheverry, Lorena and Vaisman, Alejandro},
	editor="Simperl, Elena and Cimiano, Philipp and Polleres, Axel and Corcho, Oscar and Presutti, Valentina",
	Booktitle = {Proceedings of 9th Extended Semantic Web Conference (ESWC 2012)},
	Doi = {10.1007/978-3-642-30284-8_38},
	Isbn = {978-3-642-30283-1},
	Language = {English},
	Pages = {469-483},
	Publisher = {Springer Berlin Heidelberg},
	Series = {LNCS},
	Title = {Enhancing {OLAP} Analysis with Web Cubes},
	Url = {http://dx.doi.org/10.1007/978-3-642-30284-8_38},
	Volume = {7295},
	Year = {2012},
	Bdsk-Url-1 = {http://dx.doi.org/10.1007/978-3-642-30284-8_38}}
	

@inproceedings{Kampgen:2012,
	Author = {K{\"a}mpgen, Benedikt and O'Riain, Sean and Harth, Andreas},
	Booktitle = {C. Unger, P. Cimiano, editor, Proceedings of Interacting with Linked Data (ILD 2012), workshop co-located with the 9th Extended Semantic Web Conference},
	Date-Added = {2014-09-18 10:53:45 +0000},
	Date-Modified = {2014-09-18 10:53:56 +0000},
	Organization = {Citeseer},
	Pages = {36--49},
	Title = {Interacting with statistical linked data via olap operations},
	Year = {2012}}

@article{Romero:2009,
	Author = {Romero, Oscar and Abell{\'o}, Alberto},
	Date-Added = {2014-09-18 10:04:53 +0000},
	Date-Modified = {2014-09-18 10:05:07 +0000},
	Journal = {International Journal of Data Warehousing and Mining (IJDWM)},
	Number = {2},
	Pages = {1--23},
	Publisher = {IGI Global},
	Title = {A survey of multidimensional modeling methodologies},
	Volume = {5},
	Year = {2009}}

@article{Nebot:2012,
	Author = {Victoria Nebot and Rafael Berlanga},
	Date-Added = {2014-09-18 09:30:29 +0000},
	Date-Modified = {2014-09-18 09:31:14 +0000},
	Doi = {http://dx.doi.org/10.1016/j.dss.2011.11.009},
	Issn = {0167-9236},
	Journal = {Decision Support Systems},
	Keywords = {Multidimensional design},
	Number = {4},
	Pages = {853 - 868},
	Title = {Building data warehouses with semantic web data},
	Url = {http://www.sciencedirect.com/science/article/pii/S0167923611002156},
	Volume = {52},
	Year = {2012},
	Bdsk-Url-1 = {http://www.sciencedirect.com/science/article/pii/S0167923611002156},
	Bdsk-Url-2 = {http://dx.doi.org/10.1016/j.dss.2011.11.009}}

@article{Bizer:2009,
	Author = {Bizer, Christian and Heath, Tom and Berners-Lee, Tim},
	Date-Added = {2014-09-18 08:19:51 +0000},
	Date-Modified = {2014-09-18 08:19:51 +0000},
	Journal = {International Journal on Semantic Web and Information Systems},
	Keywords = {linked data},
	Number = {3},
	Pages = {1--22},
	Title = {Linked Data - The Story So Far},
	Volume = {5},
	Year = {2009}}

@incollection{Cyganiak:2011,
	Author = {Cyganiak, Richard and Hausenblas, Michael and McCuirc, Eoin},
	Booktitle = {Linking Government Data},
	Date-Added = {2014-09-18 08:19:26 +0000},
	Date-Modified = {2014-09-18 08:19:26 +0000},
	Doi = {10.1007/978-1-4614-1767-5_7},
	Editor = {Wood, David},
	Isbn = {978-1-4614-1766-8},
	Keywords = {linked data; statistical data},
	Language = {English},
	Pages = {135-151},
	Publisher = {Springer New York},
	Title = {Official Statistics and the Practice of Data Fidelity},
	Url = {http://dx.doi.org/10.1007/978-1-4614-1767-5_7},
	Year = {2011},
	Bdsk-File-1 = {YnBsaXN0MDDUAQIDBAUGJCVYJHZlcnNpb25YJG9iamVjdHNZJGFyY2hpdmVyVCR0b3ASAAGGoKgHCBMUFRYaIVUkbnVsbNMJCgsMDxJXTlMua2V5c1pOUy5vYmplY3RzViRjbGFzc6INDoACgAOiEBGABIAFgAdccmVsYXRpdmVQYXRoWWFsaWFzRGF0YV8QNS4uLy4uLy4uL0Rvd25sb2Fkcy8xMC4xMDA3JTJGOTc4LTMtNjQyLTI1MDkzLTRfMjIuYmli0hcLGBlXTlMuZGF0YU8RAcgAAAAAAcgAAgAADE1hY2ludG9zaCBIRAAAAAAAAAAAAAAAAAAAAMWpsu5IKwAAAAqEsR8xMC4xMDA3JTJGOTc4LTMtNjQyIzJCNDY2RUMuYmliAAAAAAAAAAAAAAAAAAAAAAAAAAAAAAAAAAAAAAAAAAACtGbszylblAAAAAAAAAAAAAMAAgAACSAAAAAAAAAAAAAAAAAAAAAJRG93bmxvYWRzAAAQAAgAAMWpls4AAAARAAgAAM8pP3QAAAABAAwACoSxAAqElwAAfFMAAgBETWFjaW50b3NoIEhEOlVzZXJzOgBla2FsOgBEb3dubG9hZHM6ADEwLjEwMDclMkY5NzgtMy02NDIjMkI0NjZFQy5iaWIADgBGACIAMQAwAC4AMQAwADAANwAlADIARgA5ADcAOAAtADMALQA2ADQAMgAtADIANQAwADkAMwAtADQAXwAyADIALgBiAGkAYgAPABoADABNAGEAYwBpAG4AdABvAHMAaAAgAEgARAASADdVc2Vycy9la2FsL0Rvd25sb2Fkcy8xMC4xMDA3JTJGOTc4LTMtNjQyLTI1MDkzLTRfMjIuYmliAAATAAEvAAAVAAIAC///AACABtIbHB0eWiRjbGFzc25hbWVYJGNsYXNzZXNdTlNNdXRhYmxlRGF0YaMdHyBWTlNEYXRhWE5TT2JqZWN00hscIiNcTlNEaWN0aW9uYXJ5oiIgXxAPTlNLZXllZEFyY2hpdmVy0SYnVHJvb3SAAQAIABEAGgAjAC0AMgA3AEAARgBNAFUAYABnAGoAbABuAHEAcwB1AHcAhACOAMYAywDTAp8CoQKmArECugLIAswC0wLcAuEC7gLxAwMDBgMLAAAAAAAAAgEAAAAAAAAAKAAAAAAAAAAAAAAAAAAAAw0=}}

@techreport{Cyganiak:2014:W3C,
	Author = {Cyganiak, Richard and Reynolds, Dave},
	Date-Added = {2014-09-18 08:19:21 +0000},
	Date-Modified = {2015-06-26 12:54:07 +0000},
	Institution = {W3C},
	Keywords = {linked data},
	Month = {January},
	Title = {The {RDF} Data Cube Vocabulary: {W3C} Recommendation},
	Year = {2014},
	Bdsk-File-1 = {YnBsaXN0MDDUAQIDBAUGJCVYJHZlcnNpb25YJG9iamVjdHNZJGFyY2hpdmVyVCR0b3ASAAGGoKgHCBMUFRYaIVUkbnVsbNMJCgsMDxJXTlMua2V5c1pOUy5vYmplY3RzViRjbGFzc6INDoACgAOiEBGABIAFgAdccmVsYXRpdmVQYXRoWWFsaWFzRGF0YV8QNS4uLy4uLy4uL0Rvd25sb2Fkcy8xMC4xMDA3JTJGOTc4LTMtMzE5LTExOTY0LTlfMTYuYmli0hcLGBlXTlMuZGF0YU8RAcgAAAAAAcgAAgAADE1hY2ludG9zaCBIRAAAAAAAAAAAAAAAAAAAAMWpsu5IKwAAAAqEsR8xMC4xMDA3JTJGOTc4LTMtMzE5IzJFODdFRkUuYmliAAAAAAAAAAAAAAAAAAAAAAAAAAAAAAAAAAAAAAAAAAAC6H7+0IALdwAAAAAAAAAAAAMAAgAACSAAAAAAAAAAAAAAAAAAAAAJRG93bmxvYWRzAAAQAAgAAMWpls4AAAARAAgAANB/71cAAAABAAwACoSxAAqElwAAfFMAAgBETWFjaW50b3NoIEhEOlVzZXJzOgBla2FsOgBEb3dubG9hZHM6ADEwLjEwMDclMkY5NzgtMy0zMTkjMkU4N0VGRS5iaWIADgBGACIAMQAwAC4AMQAwADAANwAlADIARgA5ADcAOAAtADMALQAzADEAOQAtADEAMQA5ADYANAAtADkAXwAxADYALgBiAGkAYgAPABoADABNAGEAYwBpAG4AdABvAHMAaAAgAEgARAASADdVc2Vycy9la2FsL0Rvd25sb2Fkcy8xMC4xMDA3JTJGOTc4LTMtMzE5LTExOTY0LTlfMTYuYmliAAATAAEvAAAVAAIAC///AACABtIbHB0eWiRjbGFzc25hbWVYJGNsYXNzZXNdTlNNdXRhYmxlRGF0YaMdHyBWTlNEYXRhWE5TT2JqZWN00hscIiNcTlNEaWN0aW9uYXJ5oiIgXxAPTlNLZXllZEFyY2hpdmVy0SYnVHJvb3SAAQAIABEAGgAjAC0AMgA3AEAARgBNAFUAYABnAGoAbABuAHEAcwB1AHcAhACOAMYAywDTAp8CoQKmArECugLIAswC0wLcAuEC7gLxAwMDBgMLAAAAAAAAAgEAAAAAAAAAKAAAAAAAAAAAAAAAAAAAAw0=}}

@incollection{Kalampokis:2013:egov,
	Author = {Kalampokis, Evangelos and Tambouris, Efthimios and Tarabanis, Konstantinos},
	Booktitle = {Electronic Government},
	Date-Added = {2014-09-18 08:19:02 +0000},
	Date-Modified = {2014-09-18 08:19:02 +0000},
	Doi = {10.1007/978-3-642-40358-3_9},
	Editor = {Wimmer, MariaA. and Janssen, Marijn and Scholl, HansJ.},
	Isbn = {978-3-642-40357-6},
	Keywords = {OGD; data analytics},
	Pages = {99-110},
	Publisher = {Springer Berlin Heidelberg},
	Series = {LNCS},
	Title = {Linked Open Government Data Analytics},
	Url = {http://dx.doi.org/10.1007/978-3-642-40358-3_9},
	Volume = {8074},
	Year = {2013},
	Bdsk-Url-1 = {http://dx.doi.org/10.1007/978-3-642-40358-3_9}}

@article{Kalampokis:2011:IJWET,
	Acmid = {1999591},
	Address = {Inderscience Publishers, Geneva, SWITZERLAND},
	Author = {Kalampokis, Evangelos and Tambouris, Efthimios and Tarabanis, Konstantinos},
	Date-Added = {2014-09-18 08:18:47 +0000},
	Date-Modified = {2014-09-18 08:18:47 +0000},
	Doi = {10.1504/IJWET.2011.040725},
	Issn = {1476-1289},
	Issue_Date = {June 2011},
	Journal = {Int. J. Web Eng. Technol.},
	Keywords = {OGD},
	Month = jun,
	Number = {3},
	Numpages = {20},
	Pages = {266--285},
	Publisher = {Inderscience Publishers},
	Title = {A classification scheme for open government data: towards linking decentralised data},
	Url = {http://dx.doi.org/10.1504/IJWET.2011.040725},
	Volume = {6},
	Year = {2011},
	Bdsk-Url-1 = {http://dx.doi.org/10.1504/IJWET.2011.040725}}

@article{Gray:1997,
	Author = {Gray, Jim and Chaudhuri, Surajit and Bosworth, Adam and Layman, Andrew and Reichart, Don and Venkatrao, Murali and Pellow, Frank and Pirahesh, Hamid},
	Date-Added = {2014-09-17 14:53:02 +0000},
	Date-Modified = {2014-09-17 14:53:13 +0000},
	Journal = {Data Mining and Knowledge Discovery},
	Number = {1},
	Pages = {29--53},
	Publisher = {Springer},
	Title = {Data cube: A relational aggregation operator generalizing group-by, cross-tab, and sub-totals},
	Volume = {1},
	Year = {1997}}

@article{Niemi:2003,
	Author = {Niemi, Timo and Hirvonen, Lasse and J{\"a}rvelin, Kalervo},
	Date-Added = {2014-09-17 12:39:12 +0000},
	Date-Modified = {2014-09-17 12:39:28 +0000},
	Journal = {Journal of the American Society for Information Science and Technology},
	Number = {10},
	Pages = {939--951},
	Publisher = {Wiley Online Library},
	Title = {Multidimensional data model and query language for informetrics},
	Volume = {54},
	Year = {2003}
	}

@article{Ravat:2008,
	Author = {Ravat, Franck and Teste, Olivier and Tournier, Ronan and Zurfluh, Gilles},
	Date-Added = {2014-09-17 12:35:48 +0000},
	Date-Modified = {2015-06-26 12:53:19 +0000},
	Journal = {International Journal of Data Warehousing and Mining (IJDWM)},
	Number = {1},
	Pages = {17--46},
	Publisher = {IGI Global},
	Title = {Algebraic and graphic languages for {OLAP} manipulations},
	Volume = {4},
	Year = {2008}}

@article{Chaudhuri:1997,
	Acmid = {248616},
	Address = {New York, NY, USA},
	Author = {Chaudhuri, Surajit and Dayal, Umeshwar},
	Date-Added = {2014-09-17 09:40:16 +0000},
	Date-Modified = {2015-06-26 12:53:52 +0000},
	Doi = {10.1145/248603.248616},
	Issn = {0163-5808},
	Issue_Date = {March 1997},
	Journal = {ACM SIGMOD Record},
	Month = mar,
	Number = {1},
	Numpages = {10},
	Pages = {65--74},
	Publisher = {ACM},
	Title = {An Overview of Data Warehousing and {OLAP} Technology},
	Volume = {26},
	Year = {1997},
	Bdsk-Url-1 = {http://doi.acm.org/10.1145/248603.248616},
	Bdsk-Url-2 = {http://dx.doi.org/10.1145/248603.248616}}

@article{Datta:1999,
	Author = {Anindya Datta and Helen Thomas},
	Date-Added = {2014-09-17 09:04:27 +0000},
	Date-Modified = {2014-09-17 09:04:37 +0000},
	Doi = {http://dx.doi.org/10.1016/S0167-9236(99)00052-4},
	Issn = {0167-9236},
	Journal = {Decision Support Systems},
	Keywords = {Data cube model},
	Number = {3},
	Pages = {289 - 301},
	Title = {The cube data model: a conceptual model and algebra for on-line analytical processing in data warehouses},
	Url = {http://www.sciencedirect.com/science/article/pii/S0167923699000524},
	Volume = {27},
	Year = {1999},
	Bdsk-Url-1 = {http://www.sciencedirect.com/science/article/pii/S0167923699000524},
	Bdsk-Url-2 = {http://dx.doi.org/10.1016/S0167-9236(99)00052-4}}

	
@book{Inmon:2005,
  title={Building the data warehouse},
  author={Inmon, William H},
  year={2005},
  publisher={John wiley \& sons}
}

@book{Codd:1993,
	Author = {Codd, E.F. and Codd, S.B. and Salley, C.T.},
	Publisher = {Codd \& Associates},
	Title = {Providing {OLAP} (On-line Analytical Processing) to User-analysts: An {IT} Mandate},
	Year = {1993},
	}



@article{Abello:2014,
  title={Using semantic web technologies for exploratory OLAP: a survey},
  author={Abello, Alberto and Romero, Oscar and Pedersen, Torben Bach and Berlanga, Rafael and Nebot, Victoria and Aramburu, Maria Jose and Simitsis, Alkis},
  journal={IEEE Transactions on Knowledge and Data Engineering},
  volume={27},
  number={2},
  pages={571--588},
  year={2015},
  publisher={IEEE}
}


@article{Mazon:2009,
	Abstract = {The development of a data warehouse (DW) system is based on a conceptual multidimensional model, which provides a high level of abstraction in accurately and expressively describing real-world situations. Once this model is designed, the corresponding logical representation must be obtained as the basis of the implementation of the \{DW\} according to one specific technology. However, even though a good conceptual multidimensional model is designed underneath a DW, there is a semantic gap between this model and its logical representation. In particular, this gap complicates an adequate treatment of summarizability issues, which in turn may lead to erroneous results of data analysis tools. Research addressing this topic has produced only partial solutions, and individual terminology used by different parties hinders further progress. Consequently, based on a unifying vocabulary, this survey sheds light on (i) the weak and strong points of current approaches for modeling complex multidimensional structures that reflect real-world situations in a conceptual multidimensional model and (ii) existing mechanisms to avoid summarizability problems when conceptual multidimensional models are being implemented. },
	Author = {Jose-Norberto Maz{\'o}n and Jens Lechtenb{\"o}rger and Juan Trujillo},
	Date-Added = {2014-09-15 14:01:32 +0000},
	Date-Modified = {2014-09-16 07:59:48 +0000},
	Doi = {10.1016/j.datak.2009.07.010},
	Issn = {0169-023X},
	Journal = {Data \& Knowledge Engineering},
	Keywords = {Data analysis},
	Note = {Including Special Section: 21st \{IEEE\} International Symposium on Computer-Based Medical Systems (IEEE \{CBMS\} 2008) -- Seven selected and extended papers on Biomedical Data Mining},
	Number = {12},
	Pages = {1452 - 1469},
	Title = {A survey on summarizability issues in multidimensional modeling},
	Url = {http://www.sciencedirect.com/science/article/pii/S0169023X09001104},
	Volume = {68},
	Year = {2009},
	Bdsk-Url-1 = {http://www.sciencedirect.com/science/article/pii/S0169023X09001104},
	Bdsk-Url-2 = {http://dx.doi.org/10.1016/j.datak.2009.07.010}}

@article{Pedersen:2001,
	Abstract = {On-line analytical processing (OLAP) systems considerably improve data analysis and are finding wide-spread use. \{OLAP\} systems typically employ multidimensional data models to structure their data. This paper identifies 11 modeling requirements for multidimensional data models. These requirements are derived from an assessment of complex data found in real-world applications. A survey of 14 multidimensional data models reveals shortcomings in meeting some of the requirements. Existing models do not support many-to-many relationships between facts and dimensions, lack built-in mechanisms for handling change and time, lack support for imprecision, and are generally unable to insert data with varying granularities. This paper defines an extended multidimensional data model and algebraic query language that address all 11 requirements. The model reuses the common multidimensional concepts of dimension hierarchies and granularities to capture imprecise data. For queries that cannot be answered precisely due to the imprecise data, techniques are proposed that take into account the imprecision in the grouping of the data, in the subsequent aggregate computation, and in the presentation of the imprecise result to the user. In addition, alternative queries unaffected by imprecision are offered. The data model and query evaluation techniques discussed in this paper can be implemented using relational database technology. The approach is also capable of exploiting multidimensional query processing techniques like pre-aggregation. This yields a practical solution with low computational overhead. },
	Author = {Torben Bach Pedersen and Christian S. Jensen and Curtis E. Dyreson},
	Date-Added = {2014-09-15 13:48:20 +0000},
	Date-Modified = {2014-09-16 07:58:21 +0000},
	Doi = {10.1016/S0306-4379(01)00023-0},
	Issn = {0306-4379},
	Journal = {Information Systems},
	Keywords = {On-line analytical processing},
	Note = {Data Warehousing},
	Number = {5},
	Pages = {383 - 423},
	Title = {A foundation for capturing and querying complex multidimensional data},
	Url = {http://www.sciencedirect.com/science/article/pii/S0306437901000230},
	Volume = {26},
	Year = {2001},
	Bdsk-Url-1 = {http://www.sciencedirect.com/science/article/pii/S0306437901000230},
	Bdsk-Url-2 = {http://dx.doi.org/10.1016/S0306-4379(01)00023-0}}

@inproceedings{Kampgen:2011,
	Acmid = {2063523},
	Address = {New York, NY, USA},
	Author = {K\"{a}mpgen, Benedikt and Harth, Andreas},
	Booktitle = {Proceedings of the 7th International Conference on Semantic Systems (I-Semantics '11)},
	Date-Added = {2014-09-15 13:21:49 +0000},
	Date-Modified = {2015-06-26 12:54:28 +0000},
	Doi = {10.1145/2063518.2063523},
	Isbn = {978-1-4503-0621-8},
	Keywords = {OLAP, integration, linked data, ontologies, statistics},
	Location = {Graz, Austria},
	Numpages = {8},
	Pages = {33--40},
	Publisher = {ACM},
	Series = {},
	Title = {Transforming Statistical Linked Data for Use in {OLAP} Systems},
	Url = {http://doi.acm.org/10.1145/2063518.2063523},
	Year = {2011},
}
	
	


@incollection{Auer:2012,
	Author = {Auer, S{\"o}ren and B{\"u}hmann, Lorenz and Dirschl, Christian and Erling, Orri and Hausenblas, Michael and Isele, Robert and Lehmann, Jens and Martin, Michael and Mendes, PabloN. and van Nuffelen, Bert and Stadler, Claus and Tramp, Sebastian and Williams, Hugh},
	Booktitle = {The Semantic Web -- ISWC 2012},
	Date-Added = {2014-09-15 13:19:32 +0000},
	Date-Modified = {2014-09-15 13:19:55 +0000},
	Doi = {10.1007/978-3-642-35173-0_1},
	Editor = {Cudr{\'e}-Mauroux, Philippe and Heflin, Jeff and Sirin, Evren and Tudorache, Tania and Euzenat, J{\'e}r{\^o}me and Hauswirth, Manfred and Parreira, JosianeXavier and Hendler, Jim and Schreiber, Guus and Bernstein, Abraham and Blomqvist, Eva},
	Isbn = {978-3-642-35172-3},
	Keywords = {Linked Data; application integration; provenance},
	Language = {English},
	Pages = {1-16},
	Publisher = {Springer Berlin Heidelberg},
	Series = {Lecture Notes in Computer Science},
	Title = {Managing the Life-Cycle of Linked Data with the LOD2 Stack},
	Url = {http://dx.doi.org/10.1007/978-3-642-35173-0_1},
	Volume = {7650},
	Year = {2012},
	Bdsk-Url-1 = {http://dx.doi.org/10.1007/978-3-642-35173-0_1}}
	
@inproceedings{Agrawal:1997,
 author = {Agrawal, Rakesh and Gupta, Ashish and Sarawagi, Sunita},
 title = {Modeling Multidimensional Databases},
 booktitle = {Proceedings of the Thirteenth International Conference on Data Engineering (ICDE '97)},
 year = {1997},
 isbn = {0-8186-7807-0},
 pages = {232--243},
 numpages = {12},
 url = {http://dl.acm.org/citation.cfm?id=645482.653299},
 acmid = {653299},
 publisher = {IEEE Computer Society},
 address = {Washington, DC, USA},
 keywords = {Multidimensional data model, Online analytical processing, OLAP, aggregating data, multidimensional summaries, drill-down, roll-ups}
} 

@inproceedings{cabibbo1998,
  title={From a procedural to a visual query language for OLAP},
  author={Cabibbo, Luca and Torlone, Riccardo},
  booktitle={Proceedings of 10th International Conference on Scientific and Statistical Database Management},
  pages={74--83},
  year={1998},
  organization={IEEE}
}

@article{pedersen2001,
  title={A foundation for capturing and querying complex multidimensional data},
  author={Pedersen, Torben Bach and Jensen, Christian S and Dyreson, Curtis E},
  journal={Information Systems},
  volume={26},
  number={5},
  pages={383--423},
  year={2001},
  publisher={Elsevier}
}

@inproceedings{saad2013,
  title={OLAP manipulations on RDF data following a constellation model},
  author={Saad, Rafik and Trojahn, C and Teste, O},
  booktitle={1st International Workshop on Semantic Statistics, collocated with the 12th International Semantic Web Conference, 21-25 October,  Sydney, Australia},
  year={2013}
}

@INPROCEEDINGS{QB2OLAP, 
author={J. Varga and L. Etcheverry and A. A. Vaisman and O. Romero and T. B. Pedersen and C. Thomsen}, 
booktitle={32nd International Conference on Data Engineering (ICDE)}, 
publisher="IEEE",
title={QB2OLAP: Enabling OLAP on Statistical Linked Open Data}, 
year={2016}, 
pages={1346-1349}, 
doi={10.1109/ICDE.2016.7498341}, 
month={May}}






@article{Kalampokisieee,
  title={Linked Open Cube Analytics Systems: Potential and Challenges},
  author={Kalampokis,  E and Tambouris, E and Tarabanis, K},
  journal={IEEE Intelligent Systems},
  volume={31},
  number={5},
  pages={89--92},
  year={2016},
  publisher={IEEE}
}


@INPROCEEDINGS{KalampokisChallenges,
  title={Challenges on Developing Tools for Exploiting Linked Open Data Cubes},
  author={Kalampokis,  E and Roberts, B and Karamanou, A and  Tambouris, E and Tarabanis, K},
  booktitle={Proceedings of the 3rd International Workshop on Semantic Statistics (SemStats2015) within the 14th International Semantic Web Conference (ISWC2015)},
   volume={1551},
   publisher={CEUR-WS},
   year={2015}
}


@article{hspool,
author = {Takahiro Komamizu  and Toshiyuki Amagasa  and Hiroyuki Kitagawa },
title = {H-SPOOL: A SPARQL-based ETL framework for OLAP over linked data with dimension hierarchy extraction},
journal = {International Journal of Web Information Systems},
volume = {12},
number = {3},
pages = {359-378},
year = {2016},
doi = {10.1108/IJWIS-03-2016-0014}
}

@article{heath2011linked,
  title={Linked data: Evolving the web into a global data space},
  author={Heath, Tom and Bizer, Christian},
  journal={Synthesis lectures on the semantic web: theory and technology},
  volume={1},
  number={1},
  pages={1--136},
  year={2011},
  publisher={Morgan \& Claypool Publishers}
}

@INPROCEEDINGS{Kalampokis2016,
author={Kalampokis, Evangelos and Tambouris, Efthimios and Karamanou, Areti and Tarabanis, Konstantinos},
editor="Scholl, Hans Jochen
and Glassey, Olivier
and Janssen, Marijn
and Klievink, Bram
and Lindgren, Ida
and Parycek, Peter
and Tambouris, Efthimios
and Wimmer, Maria A.
and Janowski, Tomasz
and S{\'a} Soares, Delfina",
title={Open Statistics: The Rise of a New Era for Open Data?},
bookTitle={Proceedings of International Conference on Electronic Government (EGOV 2016)},
year={2016},
publisher={Springer International Publishing},
pages={31--43},
series={LNCS},
volume={9820},
doi={10.1007/978-3-319-44421-5_3},
url={http://dx.doi.org/10.1007/978-3-319-44421-5_3}
}



@inproceedings{do2015toward,
  title={Toward a framework for statistical data integration},
  author={Do, Ba-Lam and Aryan, Peb Ruswono and Trinh, Tuan-Dat and Wetz, Peter and Kiesling, Elmar and Tjoa, A Min},
  booktitle={Proceedings of the 3rd International Workshop on Semantic Statistics co-located with 14th International Semantic Web Conference (ISWC 2015)},
  year={2015},
  organization={CEUR-WS}
}

@inproceedings{hideto2013,
  title={Towards Easy Matching Between Statistical Linked Data: Dimension Patterns},
  author={Hideto Sato and Wen Wen},
  booktitle={Proceedings of the 1st International Workshop on Semantic Statistics co-located with 12th International Semantic Web Conference (ISWC 2013)},
  year={2013},
  organization={CEUR-WS}
}



@inproceedings{becker2015finding,
  title={Finding, Assessing, and Integrating Statistical Sources for Data Mining.},
  author={Becker, Karin and Tan, Xiaojie and Jahangiri, Shiva and Knoblock, Craig A},
  booktitle={Knowledge Discovery and Data Mining Meets Linked Open Data (Know@LOD) },
  year={2015}
}

@inproceedings{Tarasova2013,
author={Tarasova, Tatiana and Argenti, Massimo and Marx, Maarten},
editor={Klinov, Pavel and Mouromtsev, Dmitry},
title={Semantically-Enabled Environmental Data Discovery and Integration: Demonstration Using the Iceland Volcano Use Case},
bookTitle={4th International Conference on Knowledge Engineering and the Semantic Web (KESW 2013)},
series="CCIS",
volume="394",
year={2013},
publisher={Springer Berlin Heidelberg},
pages={289--297},
isbn={978-3-642-41360-5},
doi={10.1007/978-3-642-41360-5_25}
}


@inproceedings{meimaris2016,
  title={Efficient Computation of Containment and Complementarity in RDF Data Cubes},
  author={Meimaris, Marios and Papastefanatos, George and Vassiliadis, Panos and Anagnostopoulos, Ioannis},
   bookTitle={International Conference on Extending Database Technology (EDBT), March 15-18, Bordeaux, France  },
   year={2016} 
}

@inproceedings{bacon2015,
 author = {Bayerl, Sebastian and Granitzer, Michael},
 title = {Bacon: Linked Data Integration Based on the RDF Data Cube Vocabulary},
 booktitle = {Proceedings of the 5th International Conference on Web Intelligence, Mining and Semantics (WIMS '15)},
 year = {2015},
 isbn = {978-1-4503-3293-4},
 location = {Larnaca, Cyprus},
 pages = {1--6},
 doi = {10.1145/2797115.2797126},
 publisher = {ACM}
} 

@inproceedings{Anderlik2012,
author="Anderlik, Stefan and Neumayr, Bernd and Schrefl, Michael",
editor="Atzeni, Paolo and Cheung, David and Ram, Sudha",
title="Using Domain Ontologies as Semantic Dimensions in Data Warehouses",
bookTitle="Proceedings of 31st International Conference on Conceptual Modeling",
year="2012",
series="LNCS",
volume="7532",
publisher="Springer Berlin Heidelberg",
pages="88--101",
isbn="978-3-642-34002-4",
doi="10.1007/978-3-642-34002-4_7",
url="http://dx.doi.org/10.1007/978-3-642-34002-4_7"
}

@inproceedings{Schutz2013,
author="Sch{\"u}tz, Christoph and Neumayr, Bernd and Schrefl, Michael",
editor="Salinesi, Camille and Norrie, Moira C. and Pastor, {\'O}scar",
title="Business Model Ontologies in OLAP Cubes",
bookTitle="Proceedings of 25th International Conference on Advanced Information Systems Engineering (CAiSE 2013)",
year="2013",
publisher="Springer Berlin Heidelberg",
pages="514--529",
isbn="978-3-642-38709-8",
doi="10.1007/978-3-642-38709-8_33",
url="http://dx.doi.org/10.1007/978-3-642-38709-8_33",
series="LNCS",
volume="7908"
}

@inproceedings{ibragimov2015,
  title={Towards exploratory OLAP over linked open data--a case study},
  author={Ibragimov, Dilshod and Hose, Katja and Pedersen, Torben Bach and Zim{\'a}nyi, Esteban},
  editor="Castellanos, Malu and Dayal, Umeshwar and Pedersen, Torben Bach and Tatbul, Nesime",
  booktitle={International Workshops on Enabling Real-Time Business Intelligence (BIRTE)},
  pages={114--132},
  publisher="Springer Berlin Heidelberg",
  year={2015},
  series="LNBIP",
  volume="206",

}



@incollection{ibragimov2015towards,
  title={Towards exploratory OLAP over linked open data--a case study},
  author={Ibragimov, Dilshod and Hose, Katja and Pedersen, Torben Bach and Zim{\'a}nyi, Esteban},
  booktitle={Enabling Real-Time Business Intelligence},
  pages={114--132},
  year={2015},
  publisher={Springer}
}








@book{vaisman2014data,
 author = {Vaisman, Alejandro and Zimnyi, Esteban},
 title = {Data Warehouse Systems: Design and Implementation},
 year = {2014},
 isbn = {3642546544, 9783642546549},
 publisher = {Springer Publishing Company, Incorporated}
} 


@inproceedings{Prat:2012,
 author = {Prat, Nicolas and Megdiche, Imen and Akoka, Jacky},
 title = {Multidimensional Models Meet the Semantic Web: Defining and Reasoning on OWL-DL Ontologies for OLAP},
 booktitle = {Proceedings of the Fifteenth International Workshop on Data Warehousing and OLAP},
 series = {DOLAP '12},
 year = {2012},
 isbn = {978-1-4503-1721-4},
 location = {Maui, Hawaii, USA},
 pages = {17--24},
 numpages = {8},
 url = {http://doi.acm.org/10.1145/2390045.2390049},
 acmid = {2390049},
 publisher = {ACM},
 address = {New York, NY, USA},
 keywords = {multidimensional model, olap, ontology, owl-dl, semantic web, summarizability}
}

@inproceedings{EtcheverryQV4OLAP:2012,
 author = {Etcheverry, Lorena and Vaisman, Alejandro A.},
 title = {QB4OLAP: A New Vocabulary for OLAP Cubes on the Semantic Web},
 booktitle = {Proceedings of the Third International Conference on Consuming Linked Data - Volume 905},
 series = {COLD'12},
 year = {2012},
 location = {Boston, MA},
 pages = {27--38},
 numpages = {12},
 url = {http://dl.acm.org/citation.cfm?id=2887367.2887370},
 acmid = {2887370},
 publisher = {CEUR-WS.org},
 address = {Aachen, Germany, Germany}
} 

@article{Varga2016,
title = "Dimensional enrichment of statistical linked open data ",
journal = "Web Semantics: Science, Services and Agents on the World Wide Web ",
volume = "40",
number = "",
pages = "22 - 51",
year = "2016",
note = "",
issn = "1570-8268",
doi = "http://dx.doi.org/10.1016/j.websem.2016.07.003",
url = "http://www.sciencedirect.com/science/article/pii/S1570826816300348",
author = "Jovan Varga and Alejandro A. Vaisman and Oscar Romero and Lorena Etcheverry and Torben Bach Pedersen and Christian Thomsen",
keywords = "Linked open data",
keywords = "Multidimensional data modeling",
keywords = "OLAP",
keywords = "Semantic web"
}

@inproceedings{Mate2012,
author="Mat{\'e}, Alejandro
and Llorens, Hector
and de Gregorio, Elisa",
editor="Castano, Silvana
and Vassiliadis, Panos
and Lakshmanan, Laks V.
and Lee, Mong Li",
title="An Integrated Multidimensional Modeling Approach to Access Big Data in Business Intelligence Platforms",
bookTitle="Proceedings of Advances in Conceptual Modeling: ER 2012 Workshops CMS, ECDM-NoCoDA, MoDIC, MORE-BI, RIGiM, SeCoGIS, WISM, Florence, Italy, October 15-18, 2012",
year="2012",
publisher="Springer Berlin Heidelberg",
pages="111--120",
isbn="978-3-642-33999-8",
doi="10.1007/978-3-642-33999-8_14",
url="http://dx.doi.org/10.1007/978-3-642-33999-8_14"
}


@inproceedings{OLAP4LD,
author="K{\"a}mpgen, Benedikt
and Harth, Andreas",
editor="Presutti, Valentina
and Blomqvist, Eva
and Troncy, Raphael
and Sack, Harald
and Papadakis, Ioannis
and Tordai, Anna",
title="OLAP4LD -- A Framework for Building Analysis Applications Over Governmental Statistics",
bookTitle="The Semantic Web: ESWC 2014 Satellite Events: ESWC 2014 Satellite Events, Anissaras, Crete, Greece, May 25-29, 2014",
year="2014",
publisher="Springer International Publishing",
pages="389--394",
isbn="978-3-319-11955-7",
doi="10.1007/978-3-319-11955-7_54",
url="http://dx.doi.org/10.1007/978-3-319-11955-7_54"
}


@inproceedings{ORACLEAPI,
author="Oracle",
title="Oracle OLAP Developer's Guide to the OLAP API, 10g Release 2 (10.2)",
year="2006"

}






